@book{ward2010interactive,
  title={Interactive data visualization: foundations, techniques, and applications},
  author={Ward, Matthew O and Grinstein, Georges and Keim, Daniel},
  year={2010},
  publisher={AK Peters/CRC Press}
}